@article{wolsey1982analysis,
  title={An analysis of the greedy algorithm for the submodular set covering problem},
  author={Wolsey, Laurence A},
  journal={Combinatorica},
  volume={2},
  number={4},
  pages={385--393},
  year={1982},
  publisher={Springer}
}

@inproceedings{hinton1986learning,
  title={Learning distributed representations of concepts},
  author={Hinton, Geoffrey E},
  booktitle={Proceedings of the eighth annual conference of the cognitive science society},
  pages={1--12},
  year={1986},
  organization={Amherst, MA}
}

@incollection{bengio2006neural,
  title={Neural probabilistic language models},
  author={Bengio, Yoshua and Schwenk, Holger and Senecal, Jean-Sebastien and Morin, Frederic and Gauvain, Jean-Luc},
  booktitle={Innovations in Machine Learning},
  pages={137--186},
  year={2006},
  publisher={Springer}
}

@article{mikolov2013efficient,
  title={Efficient estimation of word representations in vector space},
  author={Mikolov, Tomas and Chen, Kai and Corrado, Greg and Dean, Jeffrey},
  journal={arXiv preprint arXiv:1301.3781},
  year={2013}
}

@article{blei2003latent,
  title={Latent dirichlet allocation},
  author={Blei, David M and Ng, Andrew Y and Jordan, Michael I},
  journal={the Journal of machine Learning research},
  volume={3},
  pages={993--1022},
  year={2003},
  publisher={JMLR. org}
}

@article{hornik1991approximation,
  title={Approximation capabilities of multilayer feedforward networks},
  author={Hornik, Kurt},
  journal={Neural networks},
  volume={4},
  number={2},
  pages={251--257},
  year={1991},
  publisher={Elsevier}
}
