@article{bollegala2007measuring,
  title={Measuring semantic similarity between words using web search engines.},
  author={Bollegala, Danushka and Matsuo, Yutaka and Ishizuka, Mitsuru},
  journal={www},
  volume={7},
  pages={757--766},
  year={2007}
}

@inproceedings{liu2009clustering,
  title={Clustering to find exemplar terms for keyphrase extraction},
  author={Liu, Zhiyuan and Li, Peng and Zheng, Yabin and Sun, Maosong},
  booktitle={Proceedings of the 2009 Conference on Empirical Methods in Natural Language Processing: Volume 1-Volume 1},
  pages={257--266},
  year={2009},
  organization={Association for Computational Linguistics}
}

@article{jiang1997semantic,
  title={Semantic similarity based on corpus statistics and lexical taxonomy},
  author={Jiang, Jay J and Conrath, David W},
  journal={arXiv preprint cmp-lg/9709008},
  year={1997}
}

@inproceedings{hu2004mining,
  title={Mining and summarizing customer reviews},
  author={Hu, Minqing and Liu, Bing},
  booktitle={Proceedings of the tenth ACM SIGKDD international conference on Knowledge discovery and data mining},
  pages={168--177},
  year={2004},
  organization={ACM}
}

@inproceedings{titov2008modeling,
  title={Modeling online reviews with multi-grain topic models},
  author={Titov, Ivan and McDonald, Ryan},
  booktitle={Proceedings of the 17th international conference on World Wide Web},
  pages={111--120},
  year={2008},
  organization={ACM}
}

@inproceedings{turney2002thumbs,
  title={Thumbs up or thumbs down?: semantic orientation applied to unsupervised classification of reviews},
  author={Turney, Peter D},
  booktitle={Proceedings of the 40th annual meeting on association for computational linguistics},
  pages={417--424},
  year={2002},
  organization={Association for Computational Linguistics}
}

@inproceedings{mei2007topic,
  title={Topic sentiment mixture: modeling facets and opinions in weblogs},
  author={Mei, Qiaozhu and Ling, Xu and Wondra, Matthew and Su, Hang and Zhai, ChengXiang},
  booktitle={Proceedings of the 16th international conference on World Wide Web},
  pages={171--180},
  year={2007},
  organization={ACM}
}

@inproceedings{pang2002thumbs,
  title={Thumbs up?: sentiment classification using machine learning techniques},
  author={Pang, Bo and Lee, Lillian and Vaithyanathan, Shivakumar},
  booktitle={Proceedings of the ACL-02 conference on Empirical methods in natural language processing-Volume 10},
  pages={79--86},
  year={2002},
  organization={Association for Computational Linguistics}
}

@article{pang2008opinion,
  title={Opinion mining and sentiment analysis},
  author={Pang, Bo and Lee, Lillian},
  journal={Foundations and trends in information retrieval},
  volume={2},
  number={1-2},
  pages={1--135},
  year={2008},
  publisher={Now Publishers Inc.}
}

@inproceedings{zhao2010jointly,
  title={Jointly modeling aspects and opinions with a MaxEnt-LDA hybrid},
  author={Zhao, Wayne Xin and Jiang, Jing and Yan, Hongfei and Li, Xiaoming},
  booktitle={Proceedings of the 2010 Conference on Empirical Methods in Natural Language Processing},
  pages={56--65},
  year={2010},
  organization={Association for Computational Linguistics}
}

@article{gauch2003ontology,
  title={Ontology-based personalized search and browsing},
  author={Gauch, Susan and Chaffee, Jason and Pretschner, Alexander},
  journal={Web Intelligence and Agent Systems},
  volume={1},
  number={3},
  pages={219--234},
  year={2003},
  publisher={IOS Press}
}

@inproceedings{snow2004learning,
  title={Learning Syntactic Patterns for Automatic Hypernym Discovery.},
  author={Snow, Rion and Jurafsky, Daniel and Ng, Andrew Y},
  booktitle={NIPS},
  volume={17},
  pages={1297--1304},
  year={2004}
}

@inproceedings{navigli2011graph,
  title={A graph-based algorithm for inducing lexical taxonomies from scratch},
  author={Navigli, Roberto and Velardi, Paola and Faralli, Stefano},
  booktitle={Proceedings of the Twenty-Second international joint conference on Artificial Intelligence-Volume Volume Three},
  pages={1872--1877},
  year={2011},
  organization={AAAI Press}
}

@inproceedings{liu2012automatic,
  title={Automatic taxonomy construction from keywords},
  author={Liu, Xueqing and Song, Yangqiu and Liu, Shixia and Wang, Haixun},
  booktitle={Proceedings of the 18th ACM SIGKDD international conference on Knowledge discovery and data mining},
  pages={1433--1441},
  year={2012},
  organization={ACM}
}

@inproceedings{leskovec2008microscopic,
  title={Microscopic evolution of social networks},
  author={Leskovec, Jure and Backstrom, Lars and Kumar, Ravi and Tomkins, Andrew},
  booktitle={Proceedings of the 14th ACM SIGKDD international conference on Knowledge discovery and data mining},
  pages={462--470},
  year={2008},
  organization={ACM}
}

@incollection{tang2011learning,
  title={Learning to infer social ties in large networks},
  author={Tang, Wenbin and Zhuang, Honglei and Tang, Jie},
  booktitle={Machine Learning and Knowledge Discovery in Databases},
  pages={381--397},
  year={2011},
  publisher={Springer}
}

@article{liben2007link,
  title={The link-prediction problem for social networks},
  author={Liben-Nowell, David and Kleinberg, Jon},
  journal={Journal of the American society for information science and technology},
  volume={58},
  number={7},
  pages={1019--1031},
  year={2007},
  publisher={Wiley Online Library}
}

@inproceedings{tang2009social,
  title={Social influence analysis in large-scale networks},
  author={Tang, Jie and Sun, Jimeng and Wang, Chi and Yang, Zi},
  booktitle={Proceedings of the 15th ACM SIGKDD international conference on Knowledge discovery and data mining},
  pages={807--816},
  year={2009},
  organization={ACM}
}

@inproceedings{lehnert1991university,
  title={University of Massachusetts: Description of the CIRCUS System as Used for MUC-3},
  author={Lehnert, Wendy and Cardie, Claire and Fisher, David and Riloff, Ellen and Williams, Robert},
  booktitle={Proceedings of the 3rd conference on Message understanding},
  pages={223--233},
  year={1991},
  organization={Association for Computational Linguistics}
}

@article{ciravegna2001adaptive,
  title={Adaptive information extraction from text by rule induction and generalisation},
  author={Ciravegna, Dr and others},
  booktitle={Proceeding
IJCAI'01 Proceedings of the 17th international joint conference on Artificial intelligence},
  pages={1251-1256},
  year={2001},
  organization={Morgan Kaufmann Publishers Inc}
}
@inproceedings{mooney1999relational,
  title={Relational learning of pattern-match rules for information extraction},
  author={Mooney, R},
  booktitle={Proceedings of the Sixteenth National Conference on Artificial Intelligence},
  pages={328--334},
  year={1999}
}

@inproceedings{mccallum2000maximum,
  title={Maximum Entropy Markov Models for Information Extraction and Segmentation.},
  author={McCallum, Andrew and Freitag, Dayne and Pereira, Fernando CN},
  booktitle={ICML},
  pages={591--598},
  year={2000}
}

@article{lafferty2001conditional,
  title={Conditional random fields: Probabilistic models for segmenting and labeling sequence data},
  author={Lafferty, John and McCallum, Andrew and Pereira, Fernando CN},
  year={2001}
}

@inproceedings{sarawagi2004semi,
  title={Semi-Markov Conditional Random Fields for Information Extraction.},
  author={Sarawagi, Sunita and Cohen, William W},
  booktitle={NIPS},
  volume={17},
  pages={1185--1192},
  year={2004}
}

@inproceedings{kambhatla2004combining,
  title={Combining lexical, syntactic, and semantic features with maximum entropy models for extracting relations},
  author={Kambhatla, Nanda},
  booktitle={Proceedings of the ACL 2004 on Interactive poster and demonstration sessions},
  pages={22},
  year={2004},
  organization={Association for Computational Linguistics}
}
@inproceedings{guodong2005exploring,
  title={Exploring various knowledge in relation extraction},
  author={GuoDong, Zhou and Jian, Su and Jie, Zhang and Min, Zhang},
  booktitle={Proceedings of the 43rd annual meeting on association for computational linguistics},
  pages={427--434},
  year={2005},
  organization={Association for Computational Linguistics}
}
@inproceedings{chan2010exploiting,
  title={Exploiting background knowledge for relation extraction},
  author={Chan, Yee Seng and Roth, Dan},
  booktitle={Proceedings of the 23rd International Conference on Computational Linguistics},
  pages={152--160},
  year={2010},
  organization={Association for Computational Linguistics}
}

@article{wolsey1982analysis,
  title={An analysis of the greedy algorithm for the submodular set covering problem},
  author={Wolsey, Laurence A},
  journal={Combinatorica},
  volume={2},
  number={4},
  pages={385--393},
  year={1982},
  publisher={Springer}
}

@inproceedings{hinton1986learning,
  title={Learning distributed representations of concepts},
  author={Hinton, Geoffrey E},
  booktitle={Proceedings of the eighth annual conference of the cognitive science society},
  pages={1--12},
  year={1986},
  organization={Amherst, MA}
}

@incollection{bengio2006neural,
  title={Neural probabilistic language models},
  author={Bengio, Yoshua and Schwenk, Holger and Senecal, Jean-Sebastien and Morin, Frederic and Gauvain, Jean-Luc},
  booktitle={Innovations in Machine Learning},
  pages={137--186},
  year={2006},
  publisher={Springer}
}

@article{mikolov2013efficient,
  title={Efficient estimation of word representations in vector space},
  author={Mikolov, Tomas and Chen, Kai and Corrado, Greg and Dean, Jeffrey},
  journal={arXiv preprint arXiv:1301.3781},
  year={2013}
}

@article{blei2003latent,
  title={Latent dirichlet allocation},
  author={Blei, David M and Ng, Andrew Y and Jordan, Michael I},
  journal={the Journal of machine Learning research},
  volume={3},
  pages={993--1022},
  year={2003},
  publisher={JMLR. org}
}

@article{hornik1991approximation,
  title={Approximation capabilities of multilayer feedforward networks},
  author={Hornik, Kurt},
  journal={Neural networks},
  volume={4},
  number={2},
  pages={251--257},
  year={1991},
  publisher={Elsevier}
}

@article{miller1995wordnet,
  title={WordNet: a lexical database for English},
  author={Miller, George A},
  journal={Communications of the ACM},
  volume={38},
  number={11},
  pages={39--41},
  year={1995},
  publisher={ACM}
}

@inproceedings{ponzetto2007deriving,
  title={Deriving a large scale taxonomy from Wikipedia},
  author={Ponzetto, Simone Paolo and Strube, Michael},
  booktitle={AAAI},
  volume={7},
  pages={1440--1445},
  year={2007}
}

@incollection{jiang2012information,
  title={Information extraction from text},
  author={Jiang, Jing},
  booktitle={Mining text data},
  pages={11--41},
  year={2012},
  publisher={Springer}
}

@inproceedings{wang2013phrase,
  title={A phrase mining framework for recursive construction of a topical hierarchy},
  author={Wang, Chi and Danilevsky, Marina and Desai, Nihit and Zhang, Yinan and Nguyen, Phuong and Taula, Thrivikrama and Han, Jiawei},
  booktitle={Proceedings of the 19th ACM SIGKDD international conference on Knowledge discovery and data mining},
  pages={437--445},
  year={2013},
  organization={ACM}
}

@inproceedings{che2010ltp,
  title={Ltp: A chinese language technology platform},
  author={Che, Wanxiang and Li, Zhenghua and Liu, Ting},
  booktitle={Proceedings of the 23rd International Conference on Computational Linguistics: Demonstrations},
  pages={13--16},
  year={2010},
  organization={Association for Computational Linguistics}
}

@article{ekman1992argument,
  title={An argument for basic emotions},
  author={Ekman, Paul},
  journal={Cognition \& Emotion},
  volume={6},
  number={3-4},
  pages={169--200},
  year={1992},
  publisher={Taylor \& Francis}
}

@inproceedings{the2010automatic,
  title={Automatic Mining of Human Activity Attributes from Weblogs},
  author={The, Nguyen Minh and Kawamura, Takahiro and Nakagawa, Hiroyuki and Tahara, Yasuyuki and Ohsuga, Akihiko},
  booktitle={Computer and Information Science (ICIS), 2010 IEEE/ACIS 9th International Conference on},
  pages={633--638},
  year={2010},
  organization={IEEE}
}

@incollection{kawamura2010human,
  title={Human activity mining using conditional radom fields and self-supervised learning},
  author={Kawamura, Takahiro and Nakagawa, Hiroyuki and Nakayama, Ken and Tahara, Yasuyuki and Ohsuga, Akihiko and others},
  booktitle={Intelligent Information and Database Systems},
  pages={140--149},
  year={2010},
  publisher={Springer}
}

@inproceedings{park2010detecting,
  title={Detecting experiences from weblogs},
  author={Park, Keun Chan and Jeong, Yoonjae and Myaeng, Sung Hyon},
  booktitle={Proceedings of the 48th Annual Meeting of the Association for Computational Linguistics},
  pages={1464--1472},
  year={2010},
  organization={Association for Computational Linguistics}
}